% Data utworzenia: 8.05.2018
% Źródło: https://www.sharelatex.com/learn/Bibliography_management_with_bibtex

@article{einstein,
    author =       "Albert Einstein",
    title =        "{Zur Elektrodynamik bewegter K{\"o}rper}. ({German})
        [{On} the electrodynamics of moving bodies]",
    journal =      "Annalen der Physik",
    volume =       "322",
    number =       "10",
    pages =        "891--921",
    year =         "1905",
    DOI =          "http://dx.doi.org/10.1002/andp.19053221004"
}
 
@book{latexcompanion,
    author    = "Michel Goossens and Frank Mittelbach and Alexander Samarin",
    title     = "The \LaTeX\ Companion",
    year      = "1993",
    publisher = "Addison-Wesley",
    address   = "Reading, Massachusetts"
}
 
@article{Michael2023,
    author =       "Michael and Buhari",
    title =        "{A study in the political transformation of Ughoton,  (old seaport of benin kingdom}",
    journal =      "Scientific Journal of Politicc",
     year      = "2023",
    DOI =          "https://doi.org/10.33258/polit.v3i2.887 "
}

@article{Jacob,
    author =       "Jacob Egharevba",
    title =        "{A short history of benin}",
    journal =      "Ibadan University Press",
     year      = "2002",
    DOI =          "https://doi.org/10.2307/1157560"
}
@article{Falola,
    author =       "Falola and Heaton",
    title =        "{An Historiographical Essay. History in Africa}",
    journal =      "Ibadan University Press",
volume =       "322",
    number =       "33",
    pages =        "157--178",

     year      = "2006",
    DOI =          "https://doi.org/10.1353/hia.2006.0012"
}

@article{Gelling,
    author =       "Gelling and Cole",
    title =        "{The landscape of place-names}",
    journal =      "Shaun Tyas",
     year      = "2014",
    DOI =          "https://doi.org/10.1515/9783110919448-018 "
}

@article{Egharevba,
    author =       "Egharevba",
    title =        "{A short history of benin}",
    journal =      "Ibadan University Press",
     year      = "1991",
    DOI =          "https://doi.org/10.2307/1157560"
}
@article{Egharevba1998,
    author =       "Egharevba",
    title =        "{A short history of benin}",
    journal =      "Ibadan University Press",
     year      = "1998",
    DOI =          "https://doi.org/10.2307/1157560"
}

@article{Falola1989,
    author =       "Falola T",
    title =        "{An Historiographical Essay. History in Africa}",
    journal =      "Ibadan University Press",
     year      = "1989",
}
@article{Bolstad,
    author =       "Bolstad and Manson",
    title =        "{GIS Fundamentals: A first text on Geographic Information Systems.}",
    journal =      "Elder Press",
     year      = "2022",
}

@article{Onilude,
    author =       "Onilude T",
    title =        "{Analysis of Land Use Land Cover Change and Urbanization to Achieving Sustainable Development in Lagos, Nigeria}",
 journal =      "Toronto Metrapholis University",
     year      = "2023",

    DOI =          "https://doi.org/10.32920/23542080"
}
@article{Bird,
    author =       "Bird S",
    title =        "{Natural language processing with python}",
    journal =      "O’Reilly Media",
     year      = "2016",
}
@article{Few,
    author =       "Few S",
    title =        "{Now you see it: Simple visualization techniques for quantitative analysis}",
    journal =      "Analytics Press",
     year      = "2009",
}

@article{Agheyisi,
    author =       "Agheyisi, J.E. ",
    title =        "{Inter-communal land conflicts in Benin City, nigeria: Exploring the root causes in the context of customary land supply, Land Use Policy, }",
    journal =      "Analytics Press",
     year      = "2019",
 DOI =          "10.1016/j.landusepol.2019.02.027."
}
@article{Igbafe,
    author =       "Afigbo, A. E",
    title =        "{Colonial administration in Benin - Benin under British administration: The impact of colonial rule on an African kingdom }",
     year      = "1989",
 }